%% This BibTeX bibliography file was created using BibDesk.
%% http://bibdesk.sourceforge.net/


%% Created for Christoph Drost at 2014-01-21 16:46:56 +0100 


%% Saved with string encoding Unicode (UTF-8) 



@misc{osi_modell,
	Author = {W. Leisch},
	Date-Added = {2014-01-20 10:05:03 +0000},
	Date-Modified = {2014-01-20 10:06:19 +0000},
	Howpublished = {\url{http://www.leisch.org/images/osi.jpg}},
	Title = {Das ISO/OSI Modell},
	Year = {2001},
	Bdsk-File-1 = {YnBsaXN0MDDUAQIDBAUGJCVYJHZlcnNpb25YJG9iamVjdHNZJGFyY2hpdmVyVCR0b3ASAAGGoKgHCBMUFRYaIVUkbnVsbNMJCgsMDxJXTlMua2V5c1pOUy5vYmplY3RzViRjbGFzc6INDoACgAOiEBGABIAFgAdccmVsYXRpdmVQYXRoWWFsaWFzRGF0YV8QF0dyYWZpa2VuL29zaV9tb2RlbGwuanBn0hcLGBlXTlMuZGF0YU8RAgYAAAAAAgYAAgAADE1hY2ludG9zaCBIRAAAAAAAAAAAAAAAAAAAAM6XudNIKwAAABi0gA5vc2lfbW9kZWxsLmpwZwAAAAAAAAAAAAAAAAAAAAAAAAAAAAAAAAAAAAAAAAAAAAAAAAAAAAAAAAAAAAAAAAAAGLSCzwLCBwAAAAAAAAAAAAEAAwAACSAAAAAAAAAAAAAAAAAAAAAIR3JhZmlrZW4AEAAIAADOl6vDAAAAEQAIAADPArP3AAAAAQAgABi0gAAYpyYAGKckAAxaBwALqdQACPcQAAj3DwACZI4AAgByTWFjaW50b3NoIEhEOlVzZXJzOgBjaHJpc3RvcGg6AERvY3VtZW50czoASFRXOgBTRU01OgBQcm90b2tvbGxlOgBQcm90b2tvbGxlLUF1c2FyYmVpdHVuZzoAR3JhZmlrZW46AG9zaV9tb2RlbGwuanBnAA4AHgAOAG8AcwBpAF8AbQBvAGQAZQBsAGwALgBqAHAAZwAPABoADABNAGEAYwBpAG4AdABvAHMAaAAgAEgARAASAF1Vc2Vycy9jaHJpc3RvcGgvRG9jdW1lbnRzL0hUVy9TRU01L1Byb3Rva29sbGUvUHJvdG9rb2xsZS1BdXNhcmJlaXR1bmcvR3JhZmlrZW4vb3NpX21vZGVsbC5qcGcAABMAAS8AABUAAgAQ//8AAIAG0hscHR5aJGNsYXNzbmFtZVgkY2xhc3Nlc11OU011dGFibGVEYXRhox0fIFZOU0RhdGFYTlNPYmplY3TSGxwiI1xOU0RpY3Rpb25hcnmiIiBfEA9OU0tleWVkQXJjaGl2ZXLRJidUcm9vdIABAAgAEQAaACMALQAyADcAQABGAE0AVQBgAGcAagBsAG4AcQBzAHUAdwCEAI4AqACtALUCvwLBAsYC0QLaAugC7ALzAvwDAQMOAxEDIwMmAysAAAAAAAACAQAAAAAAAAAoAAAAAAAAAAAAAAAAAAADLQ==}}

@misc{SWB-381839486,
	Address = {Wiesbaden},
	Author = {Obermann, Kristof},
	Bestand = {Saarl{\"a}ndische Universit{\"a}ts- und Landesbibliothek <291>;},
	Edition = {2., akt. und verb. Aufl. 2013},
	Editor = {Horneffer, Martin},
	Isbn = {978-3-8348-2098-3},
	Keywords = {Datennetz / OSI-Modell ; Ethernet ; IP ; MPLS ; Autonomes System / Routing ; Computer engineering / Telecommunication / Engineering},
	Publisher = {Springer Vieweg},
	Series = {SpringerLink : B{\"u}cher},
	Size = {Online-Ressource (XIII, 285 S. 145 Abb, digital)},
	Title = {Datennetztechnologien f{\"u}r Next Generation Networks : Ethernet, IP, MPLS und andere},
	Year = {2013}}

@book{SWB-098672061,
	Address = {Heidelberg},
	Author = {Siegmund, Gerd},
	Bestand = {Hochschule f{\"u}r Technik und Wirtschaft des Saarlandes <Sa 16> [Signatur: 55.3 Sie [2] 5. Aufl.];},
	Date-Modified = {2014-01-21 15:46:50 +0000},
	Edition = {5., v{\"o}llig neu bearb. und erw. Aufl.},
	Isbn = {3-7785-3954-X; 3-8266-5021-2},
	Keywords = {; Telekommunikationsnetz},
	Note = {Titel sp{\"a}ter ersch. im Verl. moderne industrie Buch AG \& Co.KG. Teilw. ersichtlich vom Etikett des Verl. moderne industrie Buch mit neuer 2. ISBN},
	Publisher = {H{\"u}thig},
	Size = {XXI, 1267 S. : Ill., graph. Darst., Kt.},
	Title = {Technik der Netze},
	Url = {http://www.gbv.de/dms/ilmenau/toc/342664387siegm.PDF},
	Year = {2002},
	Bdsk-Url-1 = {http://www.gbv.de/dms/ilmenau/toc/342664387siegm.PDF}}

@book{SWB-285857835,
	Address = {Heidelberg},
	Author = {Kauffels, Franz-Joachim},
	Bestand = {Hochschule f{\"u}r Technik und Wirtschaft des Saarlandes <Sa 16> [Signatur: 55.3 Kau [3]];},
	Edition = {16. Aufl., IT-Studienausg., 1. Aufl.},
	Isbn = {978-3-8266-5961-4},
	Keywords = {Lokales Netz},
	Publisher = {mitp},
	Size = {726 S. : Ill., graph. Darst. ; 210 mm x 148 mm ; 1 CD-ROM (12 cm)},
	Title = {Lokale Netze : [{\"U}bertragungsmedien, Verkabelungssysteme, Zugriffsverfahren; die Wireless-Revolution: Maschennetze; umfangreiches Referenzmaterial auf CD]},
	Url = {http://www.gbv.de/dms/ilmenau/toc/568528190.PDF},
	Year = {2008},
	Bdsk-Url-1 = {http://www.gbv.de/dms/ilmenau/toc/568528190.PDF}}

@book{SWB-097965316,
	Address = {Hannover},
	Author = {Rech, J{\"o}rg},
	Bestand = {Hochschule f{\"u}r Technik und Wirtschaft des Saarlandes <Sa 16> [Signatur: 55.3 Rech [3]];},
	Edition = {1. Aufl.},
	Isbn = {3-88229-186-9},
	Keywords = {; Ethernet},
	Publisher = {Heise},
	Size = {XVI, 628 S. : Ill., graph. Darst.},
	Title = {Ethernet : Technologien und Protokolle f{\"u}r die Computervernetzung; [Standard-Ethernet, Fast Ethernet, Gigabit-Ethernet, 10Gigabit-Ethernet, Wireless Ethernet]},
	Year = {2002}}

@book{SWB-107223570,
	Address = {New York [u.a.]},
	Author = {Wetteroth, Debbra},
	Bestand = {Hochschule f{\"u}r Technik und Wirtschaft des Saarlandes <Sa 16>;},
	Isbn = {0-07-138041-8},
	Keywords = {; OSI Computer network standard / Telecommunication systems},
	Publisher = {McGraw-Hill},
	Series = {McGraw-Hill telecom professional},
	Size = {XVII, 396 S. : graph. Darst.},
	Title = {OSI reference model for telecommunications},
	Year = {2002}}
